@article{kwong2015f,
  title={F our-dimensional computed tomography (4DCT): a review of the current status and applications},
  author={Kwong, Yune and Mel, Alexandra Olimpia and Wheeler, Greg and Troupis, John M},
  journal={Journal of medical imaging and radiation oncology},
  volume={59},
  number={5},
  pages={545--554},
  year={2015},
  publisher={Wiley Online Library}
}

@inproceedings{huang2024resolving,
  title={Resolving Variable Respiratory Motion From Unsorted 4D Computed Tomography},
  author={Huang, Yuliang and Eiben, Bjoern and Thielemans, Kris and McClelland, Jamie R},
  booktitle={International Conference on Medical Image Computing and Computer-Assisted Intervention},
  pages={588--597},
  year={2024},
  organization={Springer}
}


@inproceedings{zhu2023denoising,
  title={Denoising diffusion models for plug-and-play image restoration},
  author={Zhu, Yuanzhi and Zhang, Kai and Liang, Jingyun and Cao, Jiezhang and Wen, Bihan and Timofte, Radu and Van Gool, Luc},
  booktitle={Proceedings of the IEEE/CVF Conference on Computer Vision and Pattern Recognition},
  pages={1219--1229},
  year={2023}
}


@inproceedings{friedrich2024wdm,
  title={Wdm: 3d wavelet diffusion models for high-resolution medical image synthesis},
  author={Friedrich, Paul and Wolleb, Julia and Bieder, Florentin and Durrer, Alicia and Cattin, Philippe C},
  booktitle={MICCAI Workshop on Deep Generative Models},
  pages={11--21},
  year={2024},
  organization={Springer}
}

@article{segars20104d,
  title={4D XCAT phantom for multimodality imaging research},
  author={Segars, W Paul and Sturgeon, G and Mendonca, S and Grimes, Jason and Tsui, Benjamin MW},
  journal={Medical physics},
  volume={37},
  number={9},
  pages={4902--4915},
  year={2010},
  publisher={Wiley Online Library}
}

@article{armato2011lung,
  title={The lung image database consortium (LIDC) and image database resource initiative (IDRI): a completed reference database of lung nodules on CT scans},
  author={Armato III, Samuel G and McLennan, Geoffrey and Bidaut, Luc and McNitt-Gray, Michael F and Meyer, Charles R and Reeves, Anthony P and Zhao, Binsheng and Aberle, Denise R and Henschke, Claudia I and Hoffman, Eric A and others},
  journal={Medical physics},
  volume={38},
  number={2},
  pages={915--931},
  year={2011},
  publisher={Wiley Online Library}
}

@article{cao2024ct,
  title={CT respiratory motion synthesis using joint supervised and adversarial learning},
  author={Cao, Yi-Heng and Bourbonne, Vincent and Lucia, Fran{\c{c}}ois and Schick, Ulrike and Bert, Julien and Jaouen, Vincent and Visvikis, Dimitris},
  journal={Physics in Medicine \& Biology},
  volume={69},
  number={9},
  pages={095001},
  year={2024},
  publisher={IOP Publishing}
}

@article{chilamkurthy2018deep,
  title={Deep learning algorithms for detection of critical findings in head CT scans: a retrospective study},
  author={Chilamkurthy, Sasank and Ghosh, Rohit and Tanamala, Swetha and Biviji, Mustafa and Campeau, Norbert G and Venugopal, Vasantha Kumar and Mahajan, Vidur and Rao, Pooja and Warier, Prashant},
  journal={The Lancet},
  volume={392},
  number={10162},
  pages={2388--2396},
  year={2018},
  publisher={Elsevier}
}

@article{de2025adaptive,
  title={Adaptive Diffusion Models for Sparse-View Motion-Corrected Head Cone-beam CT},
  author={De Paepe, Antoine and Bousse, Alexandre and Phung-Ngoc, Cl{\'e}mentine and Mellak, Youness and Visvikis, Dimitris},
  journal={arXiv e-prints},
  pages={arXiv--2504},
  year={2025}
}
